<record><leader>00000cas a22000007a 4500</leader><controlfield tag="001">16258510</controlfield><controlfield tag="008">870721d19751978msuwr ne      0    0eng d</controlfield><datafield ind1=" " ind2=" " tag="010"><subfield code="a">sn 87065552 </subfield></datafield><datafield ind1=" " ind2=" " tag="040"><subfield code="a">MJA</subfield><subfield code="b">eng</subfield><subfield code="c">MJA</subfield><subfield code="d">MSJ</subfield><subfield code="d">OCLCQ</subfield></datafield><datafield ind1=" " ind2=" " tag="042"><subfield code="a">msc</subfield></datafield><datafield ind1="0" ind2="4" tag="245"><subfield code="a">The Pearl River journal.</subfield></datafield><datafield ind1=" " ind2=" " tag="260"><subfield code="a">Picayune, Miss. :</subfield><subfield code="b">Pearl River Pub.,</subfield><subfield code="c">-1978.</subfield></datafield><datafield ind1=" " ind2=" " tag="310"><subfield code="a">Weekly</subfield></datafield><datafield ind1="1" ind2=" " tag="362"><subfield code="a">Began in 1975?</subfield></datafield><datafield ind1="0" ind2=" " tag="362"><subfield code="a">-v. 3, no. 46 (May 25, 1978).</subfield></datafield><datafield ind1=" " ind2=" " tag="588"><subfield code="a">Description based on: Vol. 1, no. 6 (Aug. 13, 1975).</subfield></datafield><datafield ind1=" " ind2=" " tag="752"><subfield code="a">United States</subfield><subfield code="b">Mississippi</subfield><subfield code="c">Pearl River</subfield><subfield code="d">Picayune.</subfield></datafield><datafield ind1="0" ind2="0" tag="785"><subfield code="t">Weekly journal (Picayune, Miss.)</subfield><subfield code="w">(OCoLC)16258591</subfield></datafield></record>